%web
@inproceedings{tan2014diff,
  title={Diff-Index: Differentiated Index in Distributed Log-Structured Data Stores.},
  author={Tan, Wei and Tata, Sandeep and Tang, Yuzhe and Fong, Liana L},
  booktitle={EDBT},
  pages={700--711},
  year={2014}
}

@article{o1996log,
  title={The log-structured merge-tree (LSM-tree)},
  author={O’Neil, Patrick and Cheng, Edward and Gawlick, Dieter and O’Neil, Elizabeth},
  journal={Acta Informatica},
  volume={33},
  number={4},
  pages={351--385},
  year={1996},
  publisher={Springer}
}

@article{chang2008bigtable,
  title={Bigtable: A distributed storage system for structured data},
  author={Chang, Fay and Dean, Jeffrey and Ghemawat et al.},
  journal={ACM Transactions on Computer Systems (TOCS)},
  volume={26},
  number={2},
  pages={4},
  year={2008},
  publisher={ACM}
}

%web
@misc{web:HBase,
  howpublished = {\url{http://hbase.apache.org/}},
  title = {{Apache HBase website}},	
}
@misc{web:Sysbench,
	howpublished = {\url{http://dev.mysql.com/downloads/benchmarks.html}},
	title = {{Sysbench website}},	
}

@article{lakshman2010cassandra,
  title={Cassandra: a decentralized structured storage system},
  author={Lakshman, Avinash and Malik, Prashant},
  journal={ACM SIGOPS Operating Systems Review},
  volume={44},
  number={2},
  pages={35--40},
  year={2010},
  publisher={ACM}
}

@article{escriva2012hyperdex,
  title={HyperDex: A distributed, searchable key-value store},
  author={Escriva, Robert and Wong, Bernard and Sirer, Emin G{\"u}n},
  journal={Acm sigcomm computer communication review},
  volume={42},
  number={4},
  pages={25--36},
  year={2012},
  publisher={ACM}
}

@article{cooper2008pnuts,
  title={PNUTS: Yahoo!'s hosted data serving platform},
  author={Cooper, Brian F and Ramakrishnan et al.},
  journal={Proceedings of the VLDB Endowment},
  volume={1},
  number={2},
  pages={1277--1288},
  year={2008},
  publisher={VLDB Endowment}
}

@inproceedings{bercken2001evaluation,
  title={An evaluation of generic bulk loading techniques},
  author={Bercken, J and Seeger, Bernhard},
  booktitle={Proc. of VLDB},
  pages={461--470},
  year={2001}
}

@misc{web:cedar,
	howpublished = {\url{https://github.com/daseECNU/Cedar/}},
	title = {{CDEAR website}},	
}

@misc{web:OceanBase,
	howpublished = {\url{https://github.com/alibaba/oceanbase/}},
	title = {{OceanBase website}},	
}


@inproceedings{Dean2004MapReduce,
  title={MapReduce: Simplified Data Processing on Large Clusters.},
  author={Dean, Jeffrey and Ghemawat, Sanjay},
  booktitle={Conference on Symposium on Opearting Systems Design \& Implementation},
  pages={107-113},
  year={2004},
}



@inproceedings{zou2010ccindex,
  title={CCIndex: A complemental clustering index on distributed ordered tables for multi-dimensional range queries},
  author={Zou, Yongqiang and Liu, Jia and Wang, Shicai and Zha, Li and Xu, Zhiwei},
  booktitle={IFIP International Conference on Network and Parallel Computing},
  pages={247--261},
  year={2010},
  organization={Springer}
}

@article{brewer2012pushing,
  title={Pushing the cap: Strategies for consistency and availability},
  author={Brewer, Eric},
  journal={Computer},
  volume={45},
  number={2},
  pages={23--29},
  year={2012},
  publisher={IEEE Computer Society Press}
}

@misc{web:Huawei-Hadoop,
	howpublished = {\url{https://github.com/Huawei-Hadoop/hindex}},
	title = {{Secondary Index for HBase}},	
}

@misc{web:PHOENIX,
	howpublished = {\url{http://phoenix.apache.org/}},
	title = {{PHOENIX website}},	
}

@misc{web:levelDB,
	howpublished = {\url{http://leveldb.org/}},
	title = {{LevelDB website}},	
}
@article{alsubaiee2014asterixdb,
  title={Asterixdb: A scalable, open source BDMS},
  author={Alsubaiee, Sattam and Altowim et al.},
  journal={Proceedings of the VLDB Endowment},
  volume={7},
  number={14},
  pages={1905--1916},
  year={2014},
  publisher={VLDB Endowment}
}

@misc{web:SOLR,
	howpublished = {\url{http://lucene.apache.org/solr/}},
	title = {{SOLR website}},	
}